<collection xmlns="http://www.loc.gov/MARC21/slim"><record><leader>01368cam a2200313   4500</leader><controlfield tag="001">NYPG002000274-B</controlfield><controlfield tag="005">20001116192427.5</controlfield><controlfield tag="008">850225s1942    ii h     b    000 0carax </controlfield><datafield tag="010" ind1=" " ind2=" "><subfield code="a">ne 68003627</subfield></datafield><datafield tag="035" ind1=" " ind2=" "><subfield code="a">NNSZ00200874</subfield></datafield><datafield tag="035" ind1=" " ind2=" "><subfield code="a">(WaOLN)nyp0200864</subfield></datafield><datafield tag="040" ind1=" " ind2=" "><subfield code="c">NN</subfield><subfield code="d">NN</subfield><subfield code="d">CStRLIN</subfield><subfield code="d">WaOLN</subfield></datafield><datafield tag="050" ind1="0" ind2="0"><subfield code="a">D198.3</subfield><subfield code="b">.M78 1942</subfield></datafield><datafield tag="100" ind1="0" ind2=" "><subfield code="a">Muḥammad ibn Ḥabīb,</subfield><subfield code="d">d. 860.</subfield></datafield><datafield tag="245" ind1="1" ind2="0"><subfield code="a">Kitāb al-muḥabbar,</subfield><subfield code="c">li-Abī Jaʻfar Muḥammad ibn Ḥabīb ibn Umayyah ibn ʻAmr al-Hāshimī al-Baghdādī. Riwāyat Abī Saʻīd al-Ḥasan ibn al-Ḥusayn al-Sukkarī ʻanhu. Wa-qad iʻtanat bi-taṣḥīḥ hadhā al-kitāb Īlzah Līḥtin [sic] Shtaytar [sic]</subfield></datafield><datafield tag="260" ind1=" " ind2=" "><subfield code="a">Ḥaydar Ābād al-Dakkan,</subfield><subfield code="b">Maṭbaʻat Jamʻīyat Dāʼirat al-Maʻārif al-ʻUthmānīyah,</subfield><subfield code="c">1942.</subfield></datafield><datafield tag="300" ind1=" " ind2=" "><subfield code="a">6, 752 p.</subfield><subfield code="b">facsim.</subfield><subfield code="c">26 cm.</subfield></datafield><datafield tag="504" ind1=" " ind2=" "><subfield code="a">Includes bibliographical references.</subfield></datafield><datafield tag="546" ind1=" " ind2=" "><subfield code="a">In Arabic</subfield></datafield><datafield tag="651" ind1=" " ind2="0"><subfield code="a">Islamic Empire</subfield><subfield code="v">Biography.</subfield></datafield><datafield tag="650" ind1=" " ind2="0"><subfield code="a">Arabs</subfield><subfield code="v">Biography.</subfield></datafield><datafield tag="700" ind1="1" ind2=" "><subfield code="a">Lichtenstadter, Ilse,</subfield><subfield code="d">1907-</subfield></datafield><datafield tag="740" ind1="0" ind2=" "><subfield code="a">Muḥabbar.</subfield></datafield><datafield tag="852" ind1=" " ind2=" "><subfield code="a">.i313765078</subfield><subfield code="b">rc2ma</subfield><subfield code="h">*OFS+ (al-Baghdādī. Kitāb al-muḥabbar)</subfield><subfield code="y">214</subfield></datafield><datafield tag="852" ind1=" " ind2=" "><subfield code="a">.i100005184</subfield><subfield code="b">rcma2</subfield><subfield code="y">214</subfield></datafield><datafield tag="876" ind1=" " ind2=" "><subfield code="a">.i313765078</subfield><subfield code="j">-</subfield><subfield code="k">rc2ma</subfield><subfield code="o">2</subfield><subfield code="p">33433107347076</subfield><subfield code="s">214</subfield><subfield code="t">1</subfield><subfield code="y">55</subfield></datafield><datafield tag="876" ind1=" " ind2=" "><subfield code="a">.i100005184</subfield><subfield code="j">-</subfield><subfield code="k">rcma2</subfield><subfield code="o">2</subfield><subfield code="p">33433014514305</subfield><subfield code="s">214</subfield><subfield code="t">1</subfield><subfield code="y">2</subfield></datafield><datafield tag="907" ind1=" " ind2=" "><subfield code="a">.b100008653</subfield><subfield code="c">m</subfield><subfield code="d">a</subfield><subfield code="e">-</subfield><subfield code="f">ara</subfield><subfield code="g">ii </subfield><subfield code="h">0</subfield><subfield code="i">2</subfield></datafield><datafield tag="952" ind1=" " ind2=" "><subfield code="h">*OFS 82-4369</subfield></datafield></record>